@ARTICLE{cloud_native,
  author   = {Currie, A.},
  title    = {What is Cloud Native?},
  url      = {https://blog.container-solutions.com/what-is-cloud-native},
  urldate  = {2019-09-14}
}

@ONLINE{freebsd_jails,
  publisher = {The FreeBSD Documentation Project},
  title     = {FreeBSD Handbook},
  subtitle  = {Part III. System Administration},
  date      = {1995/2019},
  url       = {https://www.freebsd.org/doc/handbook/jails.html},
  urldate   = {2019-09-14},
  langid    = {english}
}

@ONLINE{chroot,
  publisher = {The UNIX and Linux Forums},
  title     = {Unix Version 7},
  subtitle  = {man page for chroot },
  date      = {1993/2019},
  url       = {https://www.unix.com/man-page/v7/1/chroot},
  urldate   = {2019-09-14},
  langid    = {english}
}

@ONLINE{cgroups,
  publisher = {The kernel development community},
  title     = {The Linux kernel user's and administrator's guide},
  subtitle  = {Control Groups},
  date      = {2006},
  url       = {https://www.kernel.org/doc/html/latest/admin-guide/cgroup-v1/cgroups.html},
  urldate   = {2019-09-14},
  langid    = {english}
}

@ARTICLE{linux_namespaces,
  author   = {King, E.},
  title    = {Linux Namespaces},
  url      = {https://medium.com/@teddyking/linux-namespaces-850489d3ccf},
  urldate  = {2019-09-14}
}

@ONLINE{vm_history,
  publisher = {Oracle},
  title     = {Introduction to Virtualization},
  subtitle  = {Brief History of Virtualization},
  date      = {2011/2012},
  url       = {https://docs.oracle.com/cd/E26996_01/E18549/html/VMUSG1010.html},
  urldate   = {2019-09-15},
  langid    = {english}
}

@BOOK{k8s,
  author    = {Arundel J., Domingus J.},
  date      = {2019},
  title     = {Cloud Native DevOps with Kubernetes},
  edition   = {1}, % should not be stated
  location  = {Sebastopol, California},
  publisher = {O'Reilly Media, Inc},
  pagetotal = {xviii, 315},
  isbn      = {978-1-492-04076-7},
  langid    = {english}
}

@ONLINE{borg,
  publisher = {Kubernetes blog},
  title     = {Borg: The Predecessor to Kubernetes},
  date      = {2015},
  url       = {https://kubernetes.io/blog/2015/04/borg-predecessor-to-kubernetes/},
  urldate   = {2019-09-15},
  langid    = {english}
}

@ONLINE{lxc,
  publisher = {Creative Commons CC BY NC SA},
  title     = {LXC - Introduction},
  date      = {2019},
  url       = {https://linuxcontainers.org/lxc/},
  urldate   = {2019-11-11},
  langid    = {english}
}

@ONLINE{containerd,
  publisher = {The containerd authors},
  title     = {Containerd},
  date      = {2019},
  url       = {https://containerd.io/},
  urldate   = {2019-11-11},
  langid    = {english}
}

@ONLINE{rkt,
  publisher = {Red Hat, Inc.},
  title     = {RKT - Overview},
  date      = {2019},
  url       = {https://coreos.com/rkt/},
  urldate   = {2019-11-11},
  langid    = {english}
}

@ONLINE{cri-o,
  publisher = {Cloud Native Computing Foundation},
  title     = {CRI-O},
  date      = {2019},
  url       = {https://cri-o.io/},
  urldate   = {2019-11-11},
  langid    = {english}
}

@ONLINE{hypervisors,
  publisher = {IBM},
  title     = {Hypervisors},
  date      = {2019-05-08},
  url       = {https://www.ibm.com/cloud/learn/hypervisors},
  urldate   = {2019-11-11},
  langid    = {english}
}

@ONLINE{kube-scheduler,
  publisher = {The Kubernetes Author},
  title     = {Kubernetes Scheduler},
  date      = {2019},
  url       = {https://kubernetes.io/docs/concepts/scheduling/kube-scheduler/},
  urldate   = {2019-11-11},
  langid    = {english}
}

@ONLINE{storage-classes,
  publisher = {The Kubernetes Author},
  title     = {Storage Classes},
  date      = {2019},
  url       = {https://kubernetes.io/docs/concepts/storage/storage-classes/},
  urldate   = {2019-11-11},
  langid    = {english}
}

@ONLINE{mcrc,
  publisher = {The Kubernetes Author},
  title     = {Managing Compute Resources for Containers},
  date      = {2019},
  url       = {https://kubernetes.io/docs/concepts/configuration/manage-compute-resources-container/},
  urldate   = {2019-11-11},
  langid    = {english}
}

@ONLINE{namespaces,
  publisher = {The Kubernetes Author},
  title     = {Namespaces},
  date      = {2019},
  url       = {https://kubernetes.io/docs/concepts/overview/working-with-objects/namespaces/},
  urldate   = {2019-11-11},
  langid    = {english}
}

@ONLINE{labels_selectors,
  publisher = {The Kubernetes Author},
  title     = {Labels and Selectors},
  date      = {2019},
  url       = {https://kubernetes.io/docs/concepts/overview/working-with-objects/labels/},
  urldate   = {2019-11-11},
  langid    = {english}
}

@ONLINE{YAML,
  publisher = {YAML Maintainers},
  title     = {YAML},
  date      = {2019},
  url       = {https://yaml.org/},
  urldate   = {2019-11-11},
  langid    = {english}
}

@ONLINE{kubernetes-api,
  publisher = {The Kubernetes Author},
  title     = {Kubernetes API},
  date      = {2016/2019},
  url       = {https://kubernetes.io/docs/reference/generated/kubernetes-api/v1.16/},
  urldate   = {2019-11-11},
  langid    = {english}
}

@ONLINE{kubectl,
  publisher = {The Kubernetes Author},
  title     = {Overview of kubectl},
  date      = {2019},
  url       = {https://kubernetes.io/docs/reference/kubectl/overview/},
  urldate   = {2019-11-11},
  langid    = {english}
}

@ONLINE{nginx,
  publisher = {NGINX Inc.},
  title     = {NGINX},
  date      = {2019},
  url       = {https://www.nginx.com/},
  urldate   = {2019-11-11},
  langid    = {english}
}

@ONLINE{rhccos,
  publisher = {Red Hat, Inc.},
  title     = {Cloud computing, Red Hat OpenShift},
  date      = {2019},
  url       = {https://www.redhat.com/en/technologies/cloud-computing/openshift},
  urldate   = {2019-11-11},
  langid    = {english}
}

@ONLINE{operatorhub,
  publisher = {OperatorHub.io Maintainers},
  title     = {OperatorHub},
  date      = {2019},
  url       = {https://operatorhub.io/},
  urldate   = {2019-11-11},
  langid    = {english}
}

@ONLINE{rhel,
  publisher = {Red Hat, Inc.},
  title     = {Red Hat Enterprise Linux},
  date      = {2019},
  url       = {https://www.redhat.com/en/technologies/linux-platforms/enterprise-linux},
  urldate   = {2019-11-11},
  langid    = {english}
}

@ONLINE{centos,
  publisher = {The CentOS Project},
  title     = {CentOS},
  date      = {2019},
  url       = {https://www.centos.org/},
  urldate   = {2019-11-11},
  langid    = {english}
}

@ONLINE{getfedora,
  publisher = {Red Hat, Inc. and others},
  title     = {Fedora},
  date      = {2019},
  url       = {https://getfedora.org/},
  urldate   = {2019-11-11},
  langid    = {english}
}

@ONLINE{minikube,
  publisher = {GitHub, Inc.},
  title     = {Minikube},
  date      = {2019},
  url       = {https://github.com/kubernetes/minikube},
  urldate   = {2019-11-11},
  langid    = {english}
}

@ONLINE{minishift,
  publisher = {OpenShift Online},
  title     = {Minishift},
  date      = {2019},
  url       = {https://www.okd.io/minishift/},
  urldate   = {2019-11-11},
  langid    = {english}
}

@ONLINE{kubernetes-operator,
  publisher = {The Kubernetes Authors},
  title     = {Operator pattern},
  date      = {2019},
  url       = {https://kubernetes.io/docs/concepts/extend-kubernetes/operator/},
  urldate   = {2019-11-11},
  langid    = {english}
}

@ONLINE{operator-framework,
  publisher = {GitHub, Inc.},
  title     = {Operator Framework},
  date      = {2019},
  url       = {https://github.com/operator-framework/},
  urldate   = {2019-11-11},
  langid    = {english}
}

@ONLINE{custom-resources,
  publisher = {The Kubernetes Authors},
  title     = {Custom Resources},
  date      = {2019},
  url       = {https://kubernetes.io/docs/concepts/extend-kubernetes/api-extension/custom-resources/},
  urldate   = {2019-11-11},
  langid    = {english}
}

@ONLINE{operatorhub-sdk,
  publisher = {OperatorHub.io Maintainers},
  title     = {Jump Start Using the Operator-SDK},
  date      = {2019},
  url       = {https://operatorhub.io/getting-started},
  urldate   = {2019-11-11},
  langid    = {english}
}

@ONLINE{golang,
  publisher = {The Go Authors},
  title     = {Go},
  date      = {2009},
  url       = {https://golang.org/},
  urldate   = {2019-11-11},
  langid    = {english}
}

@ONLINE{ansible,
  publisher = {Red Hat, Inc.},
  title     = {Ansible},
  date      = {2019},
  url       = {https://www.ansible.com/},
  urldate   = {2019-11-11},
  langid    = {english}
}

@ONLINE{inheritance,
  publisher = {The PostgreSQL Global Development Group},
  title     = {Inheritance},
  date      = {1996/2019},
  url       = {https://www.postgresql.org/docs/11/tutorial-inheritance.html},
  urldate   = {2019-11-14},
  langid    = {english}
}

@ONLINE{pg_ha,
  publisher = {The PostgreSQL Global Development Group},
  title     = {High Availability, Load Balancing, and Replication},
  date      = {1996/2019},
  url       = {https://www.postgresql.org/docs/12/high-availability.html},
  urldate   = {2019-11-14},
  langid    = {english}
}

@ONLINE{slony,
  publisher = {Slony Development Group},
  title     = {Slony-I},
  date      = {2007/2010},
  url       = {http://slony.info/},
  urldate   = {2019-11-14},
  langid    = {english}
}

@ONLINE{oodbms,
  publisher = {Ian},
  title     = {What is an OODBMS?},
  date      = {2016-06-13},
  url       = {https://database.guide/what-is-an-oodbms/},
  urldate   = {2019-11-14},
  langid    = {english}
}

@ONLINE{wwp,
  publisher = {Red Hat, Inc.},
  title     = {Working With Playbooks},
  date      = {2019},
  url       = {https://docs.ansible.com/ansible/latest/user_guide/playbooks.html},
  urldate   = {2019-11-11},
  langid    = {english}
}

@ONLINE{helm,
  publisher = {The Helm Authors},
  title     = {HELM},
  date      = {2019},
  url       = {https://helm.sh/},
  urldate   = {2019-11-11},
  langid    = {english}
}

@ONLINE{perl,
  publisher = {The Perl Authors},
  title     = {Perl},
  date      = {2002/2019},
  url       = {https://www.perl.org/},
  urldate   = {2019-11-14},
  langid    = {english}
}

@ONLINE{bucardo,
  publisher = {The Bucardo Authors},
  title     = {Bucardo},
  date      = {2018-11-05},
  url       = {https://bucardo.org/Bucardo/},
  urldate   = {2019-11-11},
  langid    = {english}
}

@ONLINE{pg_history,
  publisher = {The PostgreSQL Global Development Group},
  title     = {A Brief History of PostgreSQL},
  date      = {1996/2019},
  url       = {www.postgresql.org/docs/11/history.html},
  urldate   = {2019-11-14},
  langid    = {english}
}

@ONLINE{pg_extensions,
  publisher = {The PostgreSQL Global Development Group},
  title     = {PostgreSQL Extensions},
  date      = {1996/2019},
  url       = {https://www.postgresql.org/docs/11/external-extensions.html},
  urldate   = {2019-11-14},
  langid    = {english}
}

@ONLINE{sql_standard,
  publisher = {Markus Winand},
  title     = {Don't Tell Anyone: The SQL Standard is Public!},
  date      = {2019},
  url       = {https://modern-sql.com/standard},
  urldate   = {2019-11-14},
  langid    = {english}
}

@ONLINE{brewer_cap,
  publisher = {Salomé Simon},
  title     = {Brewer’s CAP Theorem},
  date      = {2012},
  url       = {https://fenix.tecnico.ulisboa.pt/downloadFile/1126518382178117/10.e-CAP-3.pdf},
  urldate   = {2019-11-14},
  langid    = {english}
}

@ONLINE{pg_cnt,
  publisher = {GitHub, Inc.},
  title     = {PostgreSQL container images},
  date      = {2019},
  url       = {https://github.com/sclorg/postgresql-container},
  urldate   = {2019-11-14},
  langid    = {english}
}

@ONLINE{pg_img,
  publisher = {GitHub, Inc.},
  title     = {PostgreSQL image for OpenShift},
  date      = {2019},
  url       = {https://github.com/sclorg/postgresql-container/blob/generated/10/Dockerfile.fedora},
  urldate   = {2019-11-14},
  langid    = {english}
}

@ONLINE{pg_cnt_extending,
  publisher = {GitHub, Inc.},
  title     = {PostgreSQL container - Extending image},
  date      = {2019},
  url       = {https://github.com/sclorg/postgresql-container/tree/generated/10/#extending-image},
  urldate   = {2019-11-14},
  langid    = {english}
}

@ONLINE{fedora_repmgr,
  publisher = {Red Hat, Inc. and others},
  title     = {Replication Manager for PostgreSQL Clusters},
  date      = {2009/2019},
  url       = {https://src.fedoraproject.org/rpms/repmgr},
  urldate   = {2019-11-14},
  langid    = {english}
}

@ONLINE{repmgrd,
  publisher = {2ndQuadrant, Ltd.},
  title     = {Using Replication Manager for PostgreSQL Clusters},
  date      = {2011/2019},
  url       = {https://repmgr.org/docs/4.0/using-repmgrd.html},
  urldate   = {2019-11-14},
  langid    = {english}
}

@ONLINE{pglogical,
  publisher = {2ndQuadrant, Ltd.},
  title     = {pglogical},
  date      = {2001/2019},
  url       = {https://www.2ndquadrant.com/en/resources/pglogical/},
  urldate   = {2019-11-14},
  langid    = {english}
}

@ONLINE{pgpool,
  publisher = {The Pgpool Global Development Group},
  title     = {What is Pgpool-II?},
  date      = {2003/2019},
  url       = {https://www.pgpool.net/docs/latest/en/html/intro-whatis.html},
  urldate   = {2019-11-14},
  langid    = {english}
}

@ONLINE{repmgr,
  publisher = {2ndQuadrant, Ltd.},
  title     = {Replication Manager for PostgreSQL Clusters},
  date      = {2011/2019},
  url       = {https://repmgr.org/},
  urldate   = {2019-11-14},
  langid    = {english}
}

@ONLINE{fedora_new_package,
  publisher = {Red Hat, Inc. and others},
  title     = {New package process for existing contributors},
  date      = {2019},
  url       = {https://fedoraproject.org/wiki/New_package_process_for_existing_contributors},
  urldate   = {2019-11-14},
  langid    = {english}
}

@ONLINE{codd_relational_model,
  publisher = {E. F. Codd},
  title     = {A Relational Model of Data for Large Shared Data Banks},
  date      = {June 1970},
  url       = {https://www.seas.upenn.edu/~zives/03f/cis550/codd.pdf},
  urldate   = {2019-11-11},
  langid    = {english}
}

@ONLINE{k8s-api,
  publisher = {GoDoc},
  title     = {Kubernetes API},
  date      = {2019},
  url       = {https://godoc.org/k8s.io/api},
  urldate   = {2019-11-11},
  langid    = {english}
}

@ONLINE{rpm,
  publisher = {Fedora Documentation},
  title     = {RPM},
  date      = {2019},
  url       = {https://docs.fedoraproject.org/en-US/fedora/rawhide/system-administrators-guide/RPM/},
  urldate   = {2019-10-10},
  langid    = {english}
}


@ONLINE{fedora_repositories,
  publisher = {Fedora Documentation},
  title     = {Repositories},
  date      = {2019},
  url       = {https://docs.fedoraproject.org/en-US/quick-docs/repositories/},
  urldate   = {2019-10-14},
  langid    = {english}
}

@ONLINE{hpa,
  publisher = {The Kubernetes Authors},
  title     = {Horizontal Pod Autoscaler},
  date      = {2019},
  url       = {https://kubernetes.io/docs/tasks/run-application/horizontal-pod-autoscale},
  urldate   = {2019-10-10},
  langid    = {english}
}

@ARTICLE{operators,
  author   = {Philips, B.},
  title    = {Introducing Operators: Putting Operational Knowledge into Software},
  url      = {https://coreos.com/blog/introducing-operators.html},
  urldate  = {2019-10-04}
}

@BOOK{db,
  author    = {Silberschatz A.},
  date      = {2011},
  title     = {DATABASE SYSTEM CONCEPTS},
  edition   = {6}, % should not be stated
  location  = {New York, USA},
  publisher = {The McGraw-Hill Companies, Inc},
  pagetotal = {1269},
  isbn      = {978-0-07-352332-3},
  langid    = {english}
}

@BOOK{pg,
  author    = {Schönig H. J.},
  date      = {2015},
  title     = {PostgreSQL Replication},
  edition   = {2}, % should not be stated
  location  = {Birmingham, UK},
  publisher = { Packt Publishing},
  pagetotal = {322},
  isbn      = {978-1-78355-060-9},
  langid    = {english}
}

@ARTICLE{k8s_features,
  author   = {Maida, I.},
  title    = {KUBERNETES: FEATURES AND BENEFITS},
  url      = {https://www.criticalcase.com/blog/kubernetes-features-and-benefits.html},
  urldate  = {2019-10-19}
}

@ARTICLE{cap,
  author   = {Gilbert S., Lynch N. A.},
  title    = {Perspectives on the CAP Theorem},
  url      = {https://groups.csail.mit.edu/tds/papers/Gilbert/Brewer2.pdf},
  urldate  = {2019-10-19}
}
